%-----------------------------------------------------------------------------
%   Copyright 2015 Florian Schumacher (Ruhr-Universitaet Bochum, Germany)
%
%   This file is part of the ASKI manual as a LaTex document.
%
%   Permission is granted to copy, distribute and/or modify this document
%   under the terms of the GNU Free Documentation License, Version 1.3
%   or any later version published by the Free Software Foundation;
%   with no Invariant Sections, no Front-Cover Texts, and no Back-Cover Texts.
%   A copy of the license is included in the section entitled ``GNU
%   Free Documentation License''. 
%-----------------------------------------------------------------------------
%
\Sort{
  Mode{on}
  Collation{mixed}
  SortTypeOrder{pattern,name}
  NameOrder{ascending}
  Pattern{author+editor: "doron"}
  PatternOrder{first}
}
@phdthesis{_743d334d-dfa4-4a16-8cc5-91cdadc95271,
author = {{F}lorian {S}chumacher},
keywords = {Geophysik; Seismik; Seismische Tomographie},
URL = {http://www-brs.ub.ruhr-uni-bochum.de/netahtml/HSS/Diss/SchumacherFlorian/diss.pdf},
language = {Englisch},
title = {{Modularized iterative full seismic waveform inversion for 3D-heterogeneous media based on waveform sensitivity kernels}},
year = {2014-02-06},
note = {urn:nbn:de:hbz:294-40511}
}

@article{Levin99,
author = {D. Levin},
year = 1999,
title = {{Stable integration rules with scattered integration points}},
journal = {Journal of Computational and Applied Mathematics},
volume =112,
pages = {181-187}
}
@inproceedings{Wardetzky:2007:DLO:1281991.1281995,
 author = {Wardetzky, Max and Mathur, Saurabh and K\"{a}lberer, Felix and Grinspun, Eitan},
 title = {Discrete laplace operators: no free lunch},
 booktitle = {Proceedings of the fifth Eurographics symposium on Geometry processing},
 series = {SGP '07},
 year = {2007},
 isbn = {978-3-905673-46-3},
 location = {Barcelona, Spain},
 pages = {33--37},
 numpages = {5},
 url = {http://dl.acm.org/citation.cfm?id=1281991.1281995},
 acmid = {1281995},
 publisher = {Eurographics Association},
 address = {Aire-la-Ville, Switzerland, Switzerland},
} 
@INPROCEEDINGS{Floater05surfaceparameterization:,
    author = {Michael S. Floater and Kai Hormann},
    title = {Surface parameterization: a tutorial and survey},
    booktitle = {In Advances in Multiresolution for Geometric Modelling},
    year = {2005},
    pages = {157--186},
    publisher = {Springer}
}
@manual{Specfem3D_Cartesian_for_ASKI,
title = {Using SPECFEM3D\_Cartesian-3.0 for ASKI-- Analysis of Sensitivity and Kernel Inversion, version 1.0},
author = {Florian Schumacher},
year = 2015
}
@article{Schumacher16,
author = {Schumacher, Florian and Friederich, Wolfgang and Lamara, Samir},
year = {Accepted 2015 November 17.  Received 2015 November 17; in original form 2015 April 8},
title = {{A flexible, extendable, modular and 
computationally efficient approach to scattering-integral-based seismic full waveform 
inversion}},
journal = {Geophysical Journal International},
note = {http://dx.doi.org/10.1093/gji/ggv505}
}
@ARTICLE{friederich_wd1995,
  author = {W. Friederich and J\"org Dalkolmo},
  title = {{Complete synthetic seismograms for a spherically symmetric earth
	by a numerical computation of Green's function in the frequency domain}},
  journal = {Geophys. J. Int.},
  year = {1995},
  volume = {122},
  pages = {537--550}
}
@ARTICLE{TrKoLi08,
author = {Jeroen Tromp and Dimitri Komatitsch and Qinya Liu},
title = {Spectral-Element and Adjoint Methods in Seismology},
journal = {Communications in Computational Physics},
year = {2008},
volume = {3},
pages = {1-32},
number = {1}
}
@article{bjorck1998stability,
  title={Stability of conjugate gradient and {L}anczos methods for linear least squares problems},
  author={Bj{\"o}rck, {\AA}ke and Elfving, Tommy and Strako{\u{s}}, Zden{\u{e}}k},
  journal={SIAM Journal on Matrix Analysis and Applications},
  volume={19},
  number={3},
  pages={720--736},
  year={1998},
  publisher={SIAM}
}
